%% This BibTeX bibliography file was created using BibDesk.
%% http://bibdesk.sourceforge.net/


%% Created for MÃ¥ns Magnusson at 2015-09-08 13:16:41 +0200 


%% Saved with string encoding Unicode (UTF-8) 



@webpage{shiny,
	Author = {R Studio},
	Date-Added = {2015-09-08 11:15:53 +0000},
	Date-Modified = {2015-09-08 11:16:41 +0000},
	Title = {Shiny Tutorial},
	Url = {http://shiny.rstudio.com/tutorial/},
	Year = {2015}}

@article{testthat,
	Author = {Hadley Wickham},
	Date-Added = {2015-08-25 08:32:30 +0000},
	Date-Modified = {2015-08-25 08:33:15 +0000},
	Journal = {R Journal},
	Title = {testthat: Get started with testing},
	Year = {2011:1}}

@book{wickham2014advanced,
	Author = {Wickham, Hadley},
	Date-Added = {2015-08-25 08:05:54 +0000},
	Date-Modified = {2015-08-25 08:05:54 +0000},
	Publisher = {CRC Press},
	Title = {Advanced R},
	Year = {2014}}

@book{wickham2015r,
	Author = {Wickham, Hadley},
	Date-Added = {2015-08-25 08:05:26 +0000},
	Date-Modified = {2015-08-25 08:05:26 +0000},
	Publisher = {" O'Reilly Media, Inc."},
	Title = {R packages},
	Year = {2015}}
